<?xml version = "1.0" encoding = "UTF-8"?><record>
  <leader>01391nam#a2200397#c#4500</leader>
  <controlfield tag="005">20210409144112.0</controlfield>
  <controlfield tag="007">tu</controlfield>
  <controlfield tag="008">190328|2019####gw############|||#|#ger#c</controlfield>
  <controlfield tag="003">DE-605</controlfield>
  <controlfield tag="001">990228243250206441</controlfield>
  <datafield tag="020" ind1=" " ind2=" ">
    <subfield code="a">9783839224274</subfield>
    <subfield code="c">pbk.</subfield>
    <subfield code="9">978-3-8392-2427-4</subfield>
    <subfield code="0">(uri) http://www.isbnsearch.org/isbn/9783839224274</subfield>
  </datafield>
  <datafield tag="035" ind1=" " ind2=" ">
    <subfield code="a">(DE-605)HT020015895</subfield>
  </datafield>
  <datafield tag="040" ind1=" " ind2=" ">
    <subfield code="a">38</subfield>
    <subfield code="b">ger</subfield>
    <subfield code="d">61</subfield>
    <subfield code="e">rda</subfield>
  </datafield>
  <datafield tag="041" ind1=" " ind2=" ">
    <subfield code="a">ger</subfield>
  </datafield>
  <datafield tag="044" ind1=" " ind2=" ">
    <subfield code="c">XA-DE</subfield>
  </datafield>
  <datafield tag="084" ind1=" " ind2=" ">
    <subfield code="a">Rheinland</subfield>
    <subfield code="0">https://nwbib.de/spatial#N03</subfield>
    <subfield code="2">nwbib</subfield>
  </datafield>
  <datafield tag="084" ind1=" " ind2=" ">
    <subfield code="a">Siebengebirge</subfield>
    <subfield code="0">https://nwbib.de/spatial#N23</subfield>
    <subfield code="2">nwbib</subfield>
    <subfield code="0">(uri) https://portal.dnb.de/opac.htm?method=simpleSearch&amp;cqlMode=true&amp;query=idn=040548376</subfield>
    <subfield code="0">(uri) http://viaf.org/viaf/sourceID/DNB|040548376</subfield>
  </datafield>
  <datafield tag="084" ind1=" " ind2=" ">
    <subfield code="a">Reise-, Stadt- und Wanderf&#252;hrer</subfield>
    <subfield code="0">https://nwbib.de/subjects#N102070</subfield>
    <subfield code="2">nwbib</subfield>
  </datafield>
  <datafield tag="100" ind1="1" ind2=" ">
    <subfield code="a">Loga, Sven &lt;&lt;von&gt;&gt;</subfield>
    <subfield code="0">(DE-588)111610153X</subfield>
    <subfield code="4">aut</subfield>
    <subfield code="B">GND-111610153X</subfield>
  </datafield>
  <datafield tag="245" ind1="1" ind2="0">
    <subfield code="a">Siebengebirge und Drachenfelser L&#228;ndchen</subfield>
    <subfield code="c">Sven von Loga</subfield>
  </datafield>
  <datafield tag="250" ind1=" " ind2=" ">
    <subfield code="a">1. Auflage</subfield>
  </datafield>
  <datafield tag="264" ind1=" " ind2="1">
    <subfield code="a">Me&#223;kirch</subfield>
    <subfield code="b">Gmeiner Verlag</subfield>
    <subfield code="c">[2019]</subfield>
  </datafield>
  <datafield tag="300" ind1=" " ind2=" ">
    <subfield code="a">191 Seiten</subfield>
    <subfield code="b">Illustrationen, Karte</subfield>
  </datafield>
  <datafield tag="336" ind1=" " ind2=" ">
    <subfield code="b">txt</subfield>
  </datafield>
  <datafield tag="337" ind1=" " ind2=" ">
    <subfield code="b">n</subfield>
  </datafield>
  <datafield tag="338" ind1=" " ind2=" ">
    <subfield code="b">nc</subfield>
  </datafield>
  <datafield tag="490" ind1="0" ind2=" ">
    <subfield code="a">Lieblingspl&#228;tze zum Entdecken</subfield>
  </datafield>
  <datafield tag="490" ind1="0" ind2=" ">
    <subfield code="a">Gmeiner Kultur</subfield>
  </datafield>
  <datafield tag="655" ind1=" " ind2="7">
    <subfield code="a">F&#252;hrer</subfield>
    <subfield code="0">(DE-588)4155569-7</subfield>
    <subfield code="2">gnd-content</subfield>
  </datafield>
  <datafield tag="689" ind1="0" ind2="0">
    <subfield code="a">Siebengebirge</subfield>
    <subfield code="D">g</subfield>
    <subfield code="0">(DE-588)4054837-5</subfield>
    <subfield code="0">(uri) https://portal.dnb.de/opac.htm?method=simpleSearch&amp;cqlMode=true&amp;query=idn=040548376</subfield>
    <subfield code="0">(uri) http://viaf.org/viaf/sourceID/DNB|040548376</subfield>
    <subfield code="B">GND-040548376</subfield>
  </datafield>
  <datafield tag="856" ind1="4" ind2="2">
    <subfield code="m">B:DE-101</subfield>
    <subfield code="q">application/pdf</subfield>
    <subfield code="u">http://digitale-objekte.hbz-nrw.de/storage2/2019/04/25/file_21/8364580.pdf</subfield>
    <subfield code="3">Inhaltsverzeichnis</subfield>
    <subfield code="9">O:PKN</subfield>
  </datafield>
  <datafield tag="960" ind1="1" ind2=" ">
    <subfield code="n">NWBib-61</subfield>
  </datafield>
  <datafield tag="964" ind1="0" ind2="s">
    <subfield code="F">030</subfield>
    <subfield code="A">a|zur||||||17</subfield>
  </datafield>
  <datafield tag="964" ind1="0" ind2="s">
    <subfield code="F">050</subfield>
    <subfield code="A">a|||||||||||||</subfield>
  </datafield>
  <datafield tag="964" ind1="0" ind2="s">
    <subfield code="F">051</subfield>
    <subfield code="A">m|||||||</subfield>
  </datafield>
  <datafield tag="035" ind1=" " ind2=" ">
    <subfield code="a">(DE-599)HBZHT020015895</subfield>
  </datafield>
  <datafield tag="MBD" ind1=" " ind2=" ">
    <subfield code="M">49HBZ_NETWORK</subfield>
    <subfield code="i">990228243250206441</subfield>
    <subfield code="n">HBZ Network</subfield>
  </datafield>
  <datafield tag="MNG" ind1=" " ind2=" ">
    <subfield code="c">System</subfield>
    <subfield code="f">ILS</subfield>
    <subfield code="i">marc21</subfield>
    <subfield code="k">01</subfield>
    <subfield code="e">false</subfield>
    <subfield code="d">2021-05-09 04:24:44 Europe/Berlin</subfield>
    <subfield code="g">022824325-HBZ01</subfield>
    <subfield code="j">60</subfield>
    <subfield code="a">import</subfield>
    <subfield code="b">2021-04-06 03:05:22 Europe/Berlin</subfield>
  </datafield>
  <datafield tag="GSI" ind1="7" ind2=" ">
    <subfield code="a">4054837-5</subfield>
    <subfield code="0">http://d-nb.info/gnd/4054837-5</subfield>
    <subfield code="2">gnd</subfield>
    <subfield code="A">GND</subfield>
    <subfield code="B">GND-040548376</subfield>
    <subfield code="C">024</subfield>
  </datafield>
  <datafield tag="GPN" ind1="1" ind2=" ">
    <subfield code="a">Von Loga, Sven</subfield>
    <subfield code="A">GND</subfield>
    <subfield code="B">GND-111610153X</subfield>
    <subfield code="C">400</subfield>
  </datafield>
  <datafield tag="GSI" ind1="7" ind2=" ">
    <subfield code="a">111610153X</subfield>
    <subfield code="0">http://d-nb.info/gnd/111610153X</subfield>
    <subfield code="2">gnd</subfield>
    <subfield code="A">GND</subfield>
    <subfield code="B">GND-111610153X</subfield>
    <subfield code="C">024</subfield>
  </datafield>
</record>